<?xml version="1.0" encoding="UTF-8"?><collection xmlns="http://www.loc.gov/MARC21/slim"><record><leader>00555nam--2200181-i-4500</leader><controlfield tag="001">000036059</controlfield><controlfield tag="002">20161230</controlfield><controlfield tag="005">20161230201040</controlfield><controlfield tag="008">060222s1000------------r-----000-0-fre-d</controlfield><datafield ind1=" " ind2=" " tag="040"><subfield code="a">IFIN-HH</subfield></datafield><datafield ind1=" " ind2=" " tag="041"><subfield code="a">fre</subfield></datafield><datafield ind1=" " ind2=" " tag="080"><subfield code="a">539.12:539.1.01(047.3)</subfield></datafield><datafield ind1="1" ind2=" " tag="100"><subfield code="a">Oliver, Luis</subfield></datafield><datafield ind1="1" ind2="0" tag="245"><subfield code="a">Contribution a l`etude des elements de matrice des courants hadroniques electromagnetique et faible d`apres le modele des quarks</subfield><subfield code="b">These</subfield><subfield code="c">Luis oliver</subfield></datafield><datafield ind1=" " ind2=" " tag="260"><subfield code="a">Paris</subfield><subfield code="b">Univeriste</subfield><subfield code="c">1975</subfield></datafield><datafield ind1=" " ind2=" " tag="300"><subfield code="a">115P</subfield></datafield><datafield ind1=" " ind2=" " tag="852"><subfield code="a">44882</subfield><subfield code="c">539.12</subfield></datafield><datafield ind1=" " ind2=" " tag="CAT"><subfield code="a">Sys</subfield><subfield code="c">20111128</subfield><subfield code="h">142113</subfield></datafield></record></collection>